%% This BibTeX bibliography file was created using BibDesk.
%% http://bibdesk.sourceforge.net/

%% Created for Trevor Bedford at 2017-03-01 17:51:52 -0800 


%% Saved with string encoding Unicode (UTF-8) 



@webpage{bedford2015scientific,
	Author = {Trevor Bedford},
	Date-Added = {2017-03-02 01:50:30 +0000},
	Date-Modified = {2017-03-02 01:51:52 +0000},
	Title = {On scientific publishing practices in the face of public health crises},
	Url = {http://bedford.io/blog/scientific-publishing-practices/}}

@article{quick2017multiplex,
	Author = {Quick, Joshua and Grubaugh, Nathan D and Pullan, Steven T and Claro, Ingra M and Smith, Andrew D and Gangavarapu, Karthik and Oliveira, Glenn and Robles-Sikisaka, Refugio and Rogers, Thomas F and Beutler, Nathan A and others},
	Date-Added = {2017-03-02 00:27:39 +0000},
	Date-Modified = {2017-03-02 00:40:24 +0000},
	Journal = {bioRxiv},
	Pages = {098913},
	Title = {{Multiplex PCR method for MinION and Illumina sequencing of Zika and other virus genomes directly from clinical samples}},
	Year = {2017}}
